@misc{mockito,
 author = {{\em Zephyr OS} developers},
 title = {Zephyr OS Documentation},
 note = {\url{https://docs.zephyrproject.org/latest/index.html}},
 urldate = {2024-02-12},
}

@inproceedings{patel2008detecting,
  title={Detecting human movement by differential air pressure sensing in HVAC system ductwork: An exploration in infrastructure mediated sensing},
  author={Patel, Shwetak N and Reynolds, Matthew S and Abowd, Gregory D},
  booktitle={Pervasive Computing: 6th International Conference, Pervasive 2008 Sydney, Australia, May 19-22, 2008 Proceedings 6},
  pages={1--18},
  year={2008},
  organization={Springer}
}


